<?xml version="1.0" encoding="UTF-8"?><collection xmlns="http://www.loc.gov/MARC21/slim"><record><leader>00416nam--2200133-i-4500</leader><controlfield tag="001">000036726</controlfield><controlfield tag="002">20161230</controlfield><controlfield tag="005">20161230201041</controlfield><controlfield tag="008">060222s1000------------r-----000-0-eng-d</controlfield><datafield ind1=" " ind2=" " tag="080"><subfield code="a">546.212:546.212.02(043)</subfield></datafield><datafield ind1=" " ind2=" " tag="100"><subfield code="a">Pleven, Liliane</subfield></datafield><datafield ind1=" " ind2=" " tag="245"><subfield code="a">Le deuterium et l`oxygene 18 dans l`eau naturelle un moyen d`etude de processus physique. these</subfield></datafield><datafield ind1=" " ind2=" " tag="260"><subfield code="a">Orsay, Univ.De Paris-sud, 1978, 470p.+ 3 Fig</subfield></datafield><datafield ind1=" " ind2=" " tag="852"><subfield code="a">46443</subfield></datafield></record></collection>